<?xml version="1.0" encoding="UTF-8"?>
<record xmlns="http://www.loc.gov/MARC21/slim">
   <leader>00944cam a2200289 a 4500</leader>
   <controlfield tag="001">463065</controlfield>
   <controlfield tag="008">830418s1982    abc               0 eng c</controlfield>
   <datafield tag="035" ind1=" " ind2=" ">
      <subfield code="a">ocm65671046</subfield>
   </datafield>
   <datafield tag="040" ind1=" " ind2=" ">
      <subfield code="b">eng</subfield>
   </datafield>
   <datafield tag="049" ind1=" " ind2=" ">
      <subfield code="a">aeu</subfield>
      <subfield code="b">eng</subfield>
   </datafield>
   <datafield tag="050" ind1=" " ind2="4">
      <subfield code="a">PN 2068</subfield>
      <subfield code="b">C32 1982</subfield>
   </datafield>
   <datafield tag="090" ind1=" " ind2=" ">
      <subfield code="a">PN 2068 G9</subfield>
      <subfield code="b">ACHCU</subfield>
   </datafield>
   <datafield tag="090" ind1="0" ind2="0">
      <subfield code="a">PN 2068 C32 1982</subfield>
      <subfield code="b">CL</subfield>
   </datafield>
   <datafield tag="100" ind1="1" ind2=" ">
      <subfield code="a">Carson, Robin.</subfield>
   </datafield>
   <datafield tag="240" ind1="0" ind2="0">
      <subfield code="a">A guide for makeup // was prepared for Alberta Culture Performing Arts by Robin Carson and Stuart Carson.</subfield>
   </datafield>
   <datafield tag="245" ind1="1" ind2="2">
      <subfield code="a">A guide for makeup 1982</subfield>
      <subfield code="c">was prepared for Alberta Culture Performing Arts by Robin Carson and Stuart Carson.</subfield>
   </datafield>
   <datafield tag="260" ind1=" " ind2=" ">
      <subfield code="a">Edmonton :</subfield>
      <subfield code="b">Alberta Culture Performing Arts,</subfield>
      <subfield code="c">[1982?]</subfield>
   </datafield>
   <datafield tag="300" ind1=" " ind2=" ">
      <subfield code="a">40 p. :</subfield>
      <subfield code="b">ill. ;</subfield>
      <subfield code="c">22 cm.</subfield>
   </datafield>
   <datafield tag="336" ind1=" " ind2=" ">
      <subfield code="a">text</subfield>
      <subfield code="b">txt</subfield>
      <subfield code="2">rdacontent</subfield>
   </datafield>
   <datafield tag="337" ind1=" " ind2=" ">
      <subfield code="a">unmediated</subfield>
      <subfield code="b">n</subfield>
      <subfield code="2">rdamedia</subfield>
   </datafield>
   <datafield tag="338" ind1=" " ind2=" ">
      <subfield code="a">volume</subfield>
      <subfield code="b">nc</subfield>
      <subfield code="2">rdacarrier</subfield>
   </datafield>
   <datafield tag="490" ind1="1" ind2=" ">
      <subfield code="a">Basic guides to theatre</subfield>
   </datafield>
   <datafield tag="596" ind1=" " ind2=" ">
      <subfield code="a">23 41</subfield>
   </datafield>
   <datafield tag="650" ind1=" " ind2="0">
      <subfield code="a">Theatrical makeup.</subfield>
   </datafield>
   <datafield tag="700" ind1="1" ind2=" ">
      <subfield code="a">Carson, Stuart.</subfield>
   </datafield>
   <datafield tag="830" ind1=" " ind2="0">
      <subfield code="a">Basic guides to theatre</subfield>
   </datafield>
   <datafield tag="926" ind1=" " ind2=" ">
      <subfield code="a">CUC</subfield>
      <subfield code="b">ON_SHELF</subfield>
      <subfield code="c">PN 2068 G9</subfield>
      <subfield code="d">BOOK</subfield>
      <subfield code="f">1</subfield>
   </datafield>
   <datafield tag="926" ind1=" " ind2=" ">
      <subfield code="a">UAEDUC</subfield>
      <subfield code="b">CURRICULUM</subfield>
      <subfield code="c">PN 2068 C32 1982</subfield>
      <subfield code="d">LOCAL_LOAN</subfield>
      <subfield code="f">1</subfield>
   </datafield>
</record>
